<?xml version="1.0" encoding="UTF-8"?><collection><record><leader>01742ntm a2200289 a 4500</leader><controlfield tag="001">002641724</controlfield><controlfield tag="003">MiAaHDL</controlfield><controlfield tag="005">20190719000000.0</controlfield><controlfield tag="006">m        d        </controlfield><controlfield tag="007">cr bn ---auaua</controlfield><controlfield tag="008">930712s1627    xx            00||  ara d</controlfield><datafield tag="035" ind1=" " ind2=" "><subfield code="a">(MiU)002641724</subfield></datafield><datafield tag="035" ind1=" " ind2=" "><subfield code="a">sdr-miu002641724</subfield></datafield><datafield tag="035" ind1=" " ind2=" "><subfield code="a">(OCoLC)34366737</subfield></datafield><datafield tag="035" ind1=" " ind2=" "><subfield code="a">(RLIN)MIUH93-A194</subfield></datafield><datafield tag="040" ind1=" " ind2=" "><subfield code="a">MiU</subfield><subfield code="c">MiU</subfield><subfield code="e">appm</subfield></datafield><datafield tag="245" ind1="0" ind2="0"><subfield code="6">880-01</subfield><subfield code="a">Koran :</subfield><subfield code="k">manuscript,</subfield><subfield code="f">[1627].</subfield></datafield><datafield tag="300" ind1=" " ind2=" "><subfield code="a">1</subfield><subfield code="f">v. ([617] p.) ;</subfield><subfield code="c">12 cm.</subfield></datafield><datafield tag="500" ind1=" " ind2=" "><subfield code="a">Illuminated ʻunwān on pp. [1-2]; chapter headings illuminated in blue and gold; gold dots mark verse endings; text enclosed in gold and black bordres; tenths (ʻushr), thirtieths (juzʾ), and sixtieths (ḥizb) of text, and prostrations (sajdah), indicated in margins in gold ink; edges patterned in green and gold gilt; binding stamped in gold.</subfield></datafield><datafield tag="500" ind1=" " ind2=" "><subfield code="a">Date, copyist's name, and provenance in colophon: katabahu Ḥafiẓ Muḥammad ibn Qāsim al-mushtahir bi-al-Imām ... wa-waqaʻa al-farāgh min al-khidmah bi-tanmīqihi ... fī Dār al-Fatḥ Qusṭanṭīnīyah ... fī shahr Rabīʻ al-awwal min sanat sabaʻ wa-thalāthīn wa-alf min al-hijrah al-nabawīyah [i.e. November-December 1627]....</subfield></datafield><datafield tag="520" ind1=" " ind2=" "><subfield code="a">The Koranic text, followed by a prayer.</subfield></datafield><datafield tag="538" ind1=" " ind2=" "><subfield code="a">Mode of access: Internet.</subfield></datafield><datafield tag="541" ind1=" " ind2=" "><subfield code="d">1924</subfield><subfield code="3">Manuscript</subfield><subfield code="a">Anonymous</subfield><subfield code="c">Purchase, 1924</subfield><subfield code="h">$50.00</subfield></datafield><datafield tag="561" ind1=" " ind2=" "><subfield code="a">Purchased in Cairo, 1924. Once part of the personal manuscript collection of Sultan Abdülhamid II of Turkey.</subfield></datafield><datafield tag="650" ind1=" " ind2="0"><subfield code="a">Manuscripts, Arabic</subfield><subfield code="z">Michigan</subfield><subfield code="z">Ann Arbor.</subfield></datafield><datafield tag="700" ind1="0" ind2=" "><subfield code="a">Abdülhamid</subfield><subfield code="b">II,</subfield><subfield code="c">Sultan of the Turks,</subfield><subfield code="d">1842-1918,</subfield><subfield code="e">former owner.</subfield></datafield><datafield tag="773" ind1="0" ind2=" "><subfield code="7">unbc</subfield><subfield code="a">Abdul Hamid Collection.</subfield><subfield code="w">(CStRLIN)MIUH92-A187.</subfield></datafield><datafield tag="880" ind1="0" ind2="2"><subfield code="6">245-01/</subfield><subfield code="a">القرآن :</subfield><subfield code="k">manuscript،</subfield><subfield code="f">[1627].</subfield></datafield><datafield tag="CID" ind1=" " ind2=" "><subfield code="a">002641724</subfield></datafield><datafield tag="DAT" ind1="0" ind2=" "><subfield code="a">20190719102633.0</subfield><subfield code="b">20190719000000.0</subfield></datafield><datafield tag="DAT" ind1="1" ind2=" "><subfield code="a">20190719090653.0</subfield><subfield code="b">2019-07-19T16:10:49Z</subfield></datafield><datafield tag="DAT" ind1="2" ind2=" "><subfield code="a">2015-10-02T18:00:03Z</subfield></datafield><datafield tag="CAT" ind1=" " ind2=" "><subfield code="a">SDR-MIU</subfield><subfield code="d">EX LIBRIS - ALEPH</subfield><subfield code="l">prepare.pl-004-008</subfield></datafield><datafield tag="FMT" ind1=" " ind2=" "><subfield code="a">BK</subfield></datafield><datafield tag="HOL" ind1=" " ind2=" "><subfield code="0">sdr-miu002641724</subfield><subfield code="a">MiU</subfield><subfield code="b">SDR</subfield><subfield code="c">MIU</subfield><subfield code="p">mdp.39015081446026</subfield><subfield code="s">MIU</subfield><subfield code="1">002641724</subfield></datafield><datafield tag="974" ind1=" " ind2=" "><subfield code="b">MIU</subfield><subfield code="c">MIU</subfield><subfield code="d">20190719</subfield><subfield code="s">lit-dlps-dc</subfield><subfield code="u">mdp.39015081446026</subfield><subfield code="y">1627</subfield><subfield code="r">pd</subfield><subfield code="q">bib</subfield><subfield code="t">non-US bib date1 &lt; 1896</subfield></datafield></record></collection>